<?xml version="1.0" encoding="UTF-8"?><collection xmlns="http://www.loc.gov/MARC21/slim"><record><leader>00630nam--2200205-i-4500</leader><controlfield tag="001">000009925</controlfield><controlfield tag="002">20161230</controlfield><controlfield tag="005">20161230201028</controlfield><controlfield tag="008">060222s1000------------r-----000-0-fre-d</controlfield><datafield ind1=" " ind2=" " tag="040"><subfield code="a">IFIN-HH</subfield></datafield><datafield ind1=" " ind2=" " tag="041"><subfield code="a">fre</subfield></datafield><datafield ind1=" " ind2=" " tag="080"><subfield code="a">536.75</subfield></datafield><datafield ind1="1" ind2=" " tag="100"><subfield code="a">Devaux, Philippe Et Chahine, Charles</subfield></datafield><datafield ind1="1" ind2="0" tag="245"><subfield code="a">Thermodynamique statistique a partir de problemes et de resumes de cours</subfield><subfield code="b">Maitrise de physique</subfield><subfield code="c">Charles chahine, philippe devaux</subfield></datafield><datafield ind1=" " ind2=" " tag="260"><subfield code="a">Paris</subfield><subfield code="b">Dunod</subfield><subfield code="c">1970</subfield></datafield><datafield ind1=" " ind2=" " tag="300"><subfield code="a">473P</subfield></datafield><datafield ind1=" " ind2=" " tag="490"><subfield code="a">Problemes De Licence Et De Maitreise</subfield><subfield code="v">Vol. 11</subfield></datafield><datafield ind1="1" ind2=" " tag="700"><subfield code="a">Devaux, Philippe</subfield></datafield><datafield ind1=" " ind2=" " tag="852"><subfield code="a">35833</subfield><subfield code="c">535</subfield></datafield><datafield ind1=" " ind2=" " tag="CAT"><subfield code="a">Sys</subfield><subfield code="c">20101028</subfield><subfield code="h">155647</subfield></datafield></record></collection>